@Book{test-buch,
author = {1 Autor},
title = {1 Buch},
publisher = {Verlag},
year = {2018}
}
