@InBook{antriebstechnik,
title = {Übersicht Antriebstechnik},
chapter = {2 Die mechatronsiche Antriebslösung},
publisher = {Bernecker und Rainer},
year = {2016},
page = {6}
}

@InBook{elektrischeAntriebe,
title = {Übersicht Antriebstechnik},
chapter = {3.1 Elektrische Antriebe},
publisher = {Bernecker und Rainer},
year = {2016},
page = {10}
}

@InBook{aufbauGleichstrommotor,
title = {Übersicht Antriebstechnik},
publisher = {Bernecker und Rainer},
year = {2016},
page = {13}
}

@InBook{funktionDrehstrommotor,
title = {Übersicht Antriebstechnik},
publisher = {Bernecker und Rainer},
year = {2016},
pages = {14}
}


@InBook{aufbauInkrementalgeber,
title = {Übersicht Antriebstechnik},
publisher = {Bernecker und Rainer},
year = {2016},
pages = {23}
}

@InBook{aufbauResolver,
title = {Übersicht Antriebstechnik},
publisher = {Bernecker und Rainer},
year = {2016},
pages = {26}
}

@InBook{aufbauAbsolutwertgeber,
title = {Übersicht Antriebstechnik},
publisher = {Bernecker und Rainer},
year = {2016},
pages = {27}
}

@InBook{DatenblattFU,
title = {Betriebsanleitung Umrichter SINAMICS V20},
publisher = {Siemens},
year = {2012},
pages = {53}
}

@InBook{tierschutzgesetz,
title = {Bundesgesetz über den Schutz der Tiere in der geltenden Fassung}
}

@InBook{erdung,
title = {Errichtung von elektrischen Anlagen mit Nennspannungen bis 1000V AC und 1500V DC},
publisher = {Österreischischer Verband für Elektrotechnik},
year = {2000},
month = {März},
pages = {59}
}

@InBook{preisVentil,
title = {Preisliste Bewässerungssysteme},
publisher = {Pipelife},
year = {2017},
pages = {8},
note = "\url{http://www.pipelife.at/at-de/_media/Preislisten/2017/Bewaesserung-2017.pdf}, Stand 01.02.2018, Preis vom Ventil = 83,00 Euro"
}

@Misc{tabelleMotor,
  title = {Vergleich Elektromotoren},
  author = {Rolf Gloor},
  note  = "\url{http://www.energie.ch/antriebsvergleich}, Stand 12.03.2018, Abschnitt Vergleich von Antrieben"
  }
  
  @Misc{preisRPI,
  title = {Raspberry Pi 3 Amazon},
  note = "\url{https://www.amazon.de/dp/B01CD5VC92/ref=cm_sw_em_r_mt_dp_U_EC8UAbXH5TGQA}, Stand 28.03.2018, Preis des Raspberry Pi 3 Amazon = 31,99 Euro"
  }
  
@Misc{preisS7,
title = {Siemens S7 1214C},
author = {Conrad},
note = "\url{https://www.conrad.at/de/sps-steuerungsmodul-siemens-cpu-1214c-acdcrelais-6es7214-1bg31-0xb0-115-vac-230-vac-197451.html}, Stand 23.01.2018, Preis der Siemens S7 = 549,00 Euro"
}

@Misc{preisV20,
title = {SINAMICS V20},
author = {Siemens},
note = "\url{https://at.rs-online.com/web/p/inverter-drives/7840773/#}, Stand 23.01.2018, Preis von Siemens V20 = 417,27 Euro"
}

@Misc{preisFUSEW,
title = {Preisliste Dötsch},
author = {Motoren Dötsch},
note = "\url{http://www.motoren-doetsch.de/fileadmin/user_upload/dateien/downloads/KA140900_Preisliste_Frequenzumrichter_SEW_Movitrac_3x380V_2015.pdf}, Stand 23.01.2018, Preis FU SEW = 626,00 Euro"
}


@Misc{preisAB,
title = {Inkrementalgeber E4P},
author = {US-Digital},
note = "\url{https://www.usdigital.com/products/e4p}, Stand 24.01.2018, Preis des Inkrementalgebers = 24,62 Euro"
}

@Misc{preisSchlauchstueck,
title = {Schlauchstück},
author = {Hornbach},
note = "\url{https://www.hornbach.at/shop/GL-Schlauchstueck-1-2/5209902/artikel.html}, Stand 28.03.2018, Preis des Schlauchstückes = 1,65 Euro"
}

@Misc{preisGewindeverbinder,
title = {Hahnverbinder},
author = {Hornbach},
note = "\url{https://www.hornbach.at/shop/Gardena-Hahnverbinder-21mm-G-1-2/5643318/artikel.html}, Stand 28.03.2018, Preis des Hahnverbinders = 2,25 Euro"
}

@Misc{preisSprueher,
title = {Nebeldüse Sprühkopf},
author = {Amazon},
note = "\url{https://www.amazon.de/dp/B00QUUGAQC/ref=cm_sw_em_r_mt_dp_U_cC8UAbR3SX5KF Stand 28.03.2018, Preis der 10 Nebeldüsen = 5,22 Euro"
}

@Misc{preis2Weg,
title = {2-Wege-Ventil},
author = {Amazon},
note = "\url{https://www.amazon.de/dp/B0001E3RJQ/ref=cm_sw_em_r_mt_dp_U_UB8UAb9PGVX1M}, Stand 28.03.2018, Preis des Verteilers = 8,49 Euro"
}

@Misc{preis4Weg,
title = {4-Wege-Ventil},
author = {Amazon},
note = "\url{https://www.amazon.de/dp/B00CJT7TE0/ref=cm_sw_em_r_mt_dp_U_zB8UAbEWVTKJQ}, Stand 28.03.2018, Preis von einem Verteiler = 10,50 Euro"
}

@Misc{preisVerbinder,
title = {Gardena Verbindungsstück},
author = {Amazon},
note = "\url{https://www.amazon.de/dp/B000OY2KSW/ref=cm_sw_em_r_mt_dp_U_YA8UAbSYZKVPV}, Stand 28.03.2018, Preis von dem Gardena Verbindungsstück = 3,55 Euro"
}

@Misc{preisUebergang,
title = {Gardena Übergang},
author = {Amazon},
note = "\url{https://www.amazon.de/dp/B000OY2K6O/ref=cm_sw_em_r_mt_dp_U_1z8UAbN40A3JS}, Stand 28.03.2018, Preis des Übergangs = 4,89 Euro"
}

@Misc{preisRohr,
title = {PE-Rohr},
author = {Boni-Shop},
note = "\url{https://www.boni-shop24.de/PE-Rohr-20-mm-1-2-100-Meter-DVGW}, Stand 28.03.2018, Preis der Rohre"
}

@Misc{preisMotortreiber,
title = {VNH2SP30},
author = {Ebay},
note = "\url{https://www.ebay.com/itm/Mini-30A-VNH2SP30-Stepper-Motor-Driver-Monster-Moto-Shield-module-For-Arduino-/33183086847}, Stand 28.03.2018, Preis des Motortreibers = 2,31 Euro"
}

@Misc{preisL298,
title = {H-Brücke L298},
author = {Conrad},
note = "\url{https://www.conrad.at/de/pmic-voll-halbbrueckentreiber-stmicroelectronics-l298hn-induktiv-bipolar-multiwatt-15-1185128.html}, Stand 28.03.2018, Preis vom L298 = 3,79 Euro"
}

@Misc{preisGardena,
title = {Bewässerungsventil 9V},
author = {Gardena},
note = "\url{https://www.gardena.com/de/produkte/bewasserung/bewasserungssteuerung/bewasserungsventil-9-v/900902001/}, Stand 28.03.2018, Preis vom Ventil = 68,99 Euro"
}



@Misc{arduinoNano,
title = {Siemens S7 1214C Conrad},
note = "\url{https://www.amazon.de/tinxi%C2%AE-ATmega328-Micro-controller-CH340G-Arduino/dp/B01FRZW24O/ref=sr_1_6?ie=UTF8&qid=1522251299&sr=8-6&keywords=arduino+nano}, Stand 28.03.2018, Preis ein Arduino Nano = 3,80 Euro"
}

  
@Misc{sewCAD,
  title = {SEW Produktkonfigurator, CAD-Ansicht},
  author = {SEW},
  note = "Stand 25.02.2018"
  }
  
@Misc{siemensCAD,
  title = {Siemens Produktkonfigurator, CAD-Ansicht},
  author = {Siemens},
  note = {Stand 26.02.2018}
  }
  
  @Misc{blitze,
  title = {Blitzdichte in Österreich},
  author = {ALDIS (Austrian Lightning Detection and Information System)},
  note = "\url{https://www.aldis.at/blitzstatistik/blitzdichte/}, Statistik von 2003 bis 2012"}
  

 @Misc{arduino,
  title = {What is Arduino},
  author = {Arduino},
  note = "\url{https://www.arduino.cc/en/Guide/Introduction},Stand 29.02.2018, Erklärung was sich unter dem Namen Arduino versteckt."
  } 



@Misc{androidGUI,
  title  = {Layouts},
  author = {Android Developers},
  note   = "\url{https://developer.android.com/guide/topics/ui/declaring-layout.html}, Stand 05.03.2018"
}

@Misc{androidRoboter,
  title  = {Markenrichtlinien},
  author = {Android Developers},
  note   = "\url{https://developer.android.com/distribute/marketing-tools/brand-guidelines.html}, Stand 05.03.2018, Das Android-Roboter-Logo wurde aus einer von Google erstellten und geteilten Arbeit reproduziert oder geändert und wird gemäß den Bedingungen der Creative Commons 3.0-Attributionslizenz verwendet."
}

@Misc{activityLifecycle,
  title  = {The Activity Lifecycle},
  author = {Android Developers},
  note   = "\url{https://developer.android.com/guide/components/activities/activity-lifecycle.html}, Stand 05.03.2018"
}

@Misc{androidMarke,
  title  = {Markenrichtlinien},
  author = {Android Developers},
  note   = "\url{https://developer.android.com/distribute/marketing-tools/brand-guidelines.html}, Stand 05.03.2018, Android ist eine Marke von Google Inc."
}

@Misc{androidMarktanteil,
  title  = {Android frisst den Markt: 85 Prozent Marktanteil im ersten Quartal 2017},
  author = {Alexander Trust},
  year = {2017},
  month = jul,
  note   = "\url{http://www.tech.de/news/android-frisst-markt-85-prozent-marktanteil-ersten-quartal-2017-10093989.html}, Stand 05.03.2018"
}

@Misc{androidAnkuendigung,
  title  = {Industry Leaders Announce Open Platform for Mobile Devices},
  author = {unknown},
  year = {2007},
  month = nov,
  note   = "\url{http://www.openhandsetalliance.com/press_110507.html}, Stand 05.03.2018"
}

@Misc{androidToast,
  title  = {Toast},
  author = {Android Developers},
  note   = "\url{https://developer.android.com/reference/android/widget/Toast.html}, Stand 05.03.2018"
}

@Misc{androidAsyncTask,
  title  = {AsyncTask},
  author = {Android Developers},
  note   = "\url{https://developer.android.com/reference/android/os/AsyncTask.html}, Stand 05.03.2018"
}

@Misc{androidPattern,
  title  = {Pattern},
  author = {Android Developers},
  note   = "\url{https://developer.android.com/reference/java/util/regex/Pattern.html}, Stand 05.03.2018"
}

@Comment{jabref-meta: databaseType:bibtex;}